@book{newman2015building,
  title={Building Microservices: Designing Fine-Grained Systems},
  author={Sam Newman},
  year={2015},
  publisher={O'Reilly Media, Inc.}
}

@book{sharma2023monolithic,
  title={Monolithic to Microservices: Evolution of Software Architecture},
  author={Raj Sharma},
  year={2023},
  publisher={Tech Publications}
}

@book{richardson2018microservices,
  title={Microservices Patterns: With examples in Java},
  author={Chris Richardson},
  year={2018},
  publisher={Manning Publications}
}

@book{nygard2008release,
  title={Release It!: Design and Deploy Production-Ready Software},
  author={Michael T. Nygard},
  year={2008},
  publisher={Pragmatic Bookshelf}
}

@book{kleppmann2017designing,
  title={Designing Data-Intensive Applications: The Big Ideas Behind Reliable, Scalable, and Maintainable Systems},
  author={Martin Kleppmann},
  year={2017},
  publisher={O'Reilly Media, Inc.}
}

@book{martin2008clean,
  title={Clean Code: A Handbook of Agile Software Craftsmanship},
  author={Robert C. Martin},
  year={2008},
  publisher={Prentice Hall}
}

@book{Essential ,
  title={Effective Java},
  author={Joshua Bloch},
  year={2018},
  publisher={Addison-Wesley Professional}
}

@book{fowler2012patterns,
  title={Patterns of Enterprise Application Architecture},
  author={Martin Fowler},
  year={2012},
  publisher={Addison-Wesley Professional}
}

@book{stallings2017cryptography,
  title={Cryptography and Network Security: Principles and Practice},
  author={William Stallings},
  year={2017},
  publisher={Pearson}
}

@book{bhuyan2020microservices,
  title={Microservices: Up and Running: A Step-by-Step Guide to Building a Microservice Architecture},
  author={Ronnie Mitra and Irakli Nadareishvili and Matt McLarty and Mike Amundsen},
  year={2020},
  publisher={O'Reilly Media, Inc.}
}

@misc{wiki:interface_description_language,
  author = {Wikipedia},
  title = {Interface Description Language},
  year = {2023},
  url = {https://en.wikipedia.org/wiki/Interface_description_language}
}

@misc{ibm_serverless,
  author = {IBM},
  title = {What is Serverless Computing?},
  year = {2023},
  url = {https://www.ibm.com/cloud/learn/serverless}
}

@book{labouardy2021pipeline,
  title={Pipeline as Code: Continuous Delivery with Jenkins, Kubernetes, and Terraform},
  author={Mohamed Labouardy},
  year={2021},
  publisher={Manning Publications}
}

@book{coulouris2011distributed,
  title     = {Distributed Systems: Concepts and Design},
  author    = {Coulouris, George and Dollimore, Jean and Kindberg, Tim and Blair, Gordon},
  edition   = {5th},
  year      = {2011},
  publisher = {Pearson Education}
}

@book{rubin2012essential,
  title     = {Essential Scrum: A Practical Guide to the Most Popular Agile Process},
  author    = {Kenneth S. Rubin},
  year      = {2012},
  publisher = {Addison-Wesley},
  isbn      = {9780321601919},
  note      = {See p. 150}
}

@misc{azure2020,
  author       = {{Microsoft Azure}},
  title        = {Recommendations for Optimizing Code and Infrastructure},
  year         = {2020},
  note         = {Retrieved from Microsoft Azure Optimization Guide}
}

@inproceedings{ahmed2019impact,
  author    = {Ahmed, O. A. and others},
  title     = {Impact of Third-Party SDKs on Mobile Application Performance},
  booktitle = {Proceedings of the IEEE International Conference on Mobile Software Engineering and Systems},
  year      = {2019}
}

@book{EssentialIan,
  title={Essential Software Architecture},
  author={Gorton, Ian},
  year={2011},
  publisher={Springer}
}

@book{richardson2013rest,
  title={RESTful Web APIs},
  author={Richardson, Leonard and Amundsen, Mike and Ruby, Sam},
  year={2013},
  publisher={O'Reilly Media}
}

@book{roberts2018cloud,
  title={Cloud Native Development Patterns and Best Practices},
  author={Roberts, John Gilbert},
  year={2018},
  publisher={Packt Publishing}
}